
@article{Renegar2016,
	Author = {Renegar, James},
	Journal = {SIAM J. Optim.},
	Number = {4},
	Pages = {2649--2676},
	Title = {``{E}fficient" subgradient methods for general convex optimization.},
	Volume = {26},
	Year = {2016}}

@article{Grimmer2018,
	Author = {Grimmer, Benjamin},
	Journal = {SIAM J. Optim.},
	Number = {1},
	Pages = {459--469},
	Title = {Radial subgradient method.},
	Volume = {28},
	Year = {2018}}

@article{Grimmer2019,
	Author = {Grimmer, Benjamin},
	Journal = {SIAM J. Optim.},
	Number = {2},
	Pages = {1350--1365},
	Title = {Convergence rates for deterministic and stochastic subgradient methods without {L}ipschitz continuity.},
	Volume = {29},
	Year = {2019}}

@article{Grimmer2024a,
	Author = {Grimmer, Benjamin},
	Journal = {Math. Program.},
	Number = {1},
	Pages = {33--68},
	Title = {Radial duality part I: foundations.},
	Volume = {205},
	Year = {2024}}

@article{Grimmer2024b,
	Author = {Grimmer, Benjamin},
	Journal = {Math. Program.},
	Number = {1},
	Pages = {69--105},
	Title = {Radial duality part II: applications and algorithms.},
	Volume = {205},
	Year = {2024}}

@book{Nest2004,
	year = 2004,
	publisher = {Springer},
	author = {Nesterov, Yurii},
	title = {Introductory Lectures on Convex Optimization: A Basic Course}
}

@article{Bub2015,
	Author = {Bubeck, Sébastien},
	Journal = {Found. Trends Mach. Learn.},
	Number = {3-4},
	Pages = {231--357},
	Title = {Convex optimization: Algorithms and complexity.},
	Volume = {8},
	Year = {2015}}

@article{ZLu2023,
	Author = {Lu, Zhaosong and Mei, Sanyou},
	Journal = {SIAM J. Optim.},
	Number = {3},
	Pages = {2275--2310},
	Title = {Accelerated first-order methods for convex optimization with locally {L}ipschitz continuous gradient.},
	Volume = {33},
	Year = {2023}}

@article{Haihao2018,
	Author = {Lu, Haihao and Freund, Robert M. and Nesterov, Yurii},
	Journal = {SIAM J. Optim.},
	Number = {1},
	Pages = {333--354},
	Title = {Relatively smooth convex optimization by first-order methods, and applications.},
	Volume = {28},
	Year = {2018}}

@article{Bauschke2017,
	Author = {Bauschke, Heinz H. and Bolte, Jérôme and Teboulle, Marc},
	Journal = { Math. Oper. Res.},
	Number = {2},
	Pages = {330--348},
	Title = {A descent lemma beyond {L}ipschitz gradient continuity: first-order methods revisited and applications.},
	Volume = {42},
	Year = {2017}}

@book{Maclean2012,
	year = 2012,
	publisher = {World Scientific, Singapore},
	author = {MacLean, Leonard C. and Thorp, Edward O. and  Ziemba, William T.},
	title = {The Kelly Capital Growth Investment Criterion.}
}

@article{Bertero2009,
	Author = {Bertero, M. and Boccacci, P. and Desiderà, G. and Vicidomini, G.},
	Journal = {Inverse Probl.},
	Title = {Imagede blurring with Poisson data: from cells to galaxies.},
	Volume = {25},
	Year = {2009}}

@article{Hohage2016,
	Author = {Hohage, T. and Werner, F.},
	Journal = {Inverse Probl.},
	Title = {Inverse problems with Poisson data: statistical regularization theory, applications and algorithms.},
	Volume = {32},
	Year = {2016}}

@article{Hradil1997,
	Author = {Hradil, Z.},
	Journal = {Phys. Rev. A},
	Title = {Quantum-state estimation.},
	Volume = {55},
    Number = {3},
	Year = {1997}}

@book{Paris2004,
	year = 2004,
	publisher = {Springer, Berlin},
	author = {Paris, M. and \v{R}ehá\v{c}ek, J.},
	title = {Quantum State Estimation.}
}

@inproceedings{You2022,
	year = 2022,
	publisher = {{IEEE}},
	author = {You, Jun-Kai and Cheng, Hao-Chung and Li, Yen-Huan},
	title = {Minimizing quantum Rényi divergences via mirror descent with Polyak step size.},
	booktitle = {2022 {IEEE} International Symposium on Information Theory ({ISIT})}
}